@misc{1_icra 2016 in stockholm_2016,
url={http://www.icra2016.org/},
urldate={2016-3-10},
journal={ICRA 2016 in Stockholm},
year={2016}
},

@misc{2_ros.org | powering the world's robots_2016,
url={http://www.ros.org/},
urldate={2016-3-10},
journal={Ros.org},
year={2016}
},

@misc{3_2016,
url={https://sselab.de/lab2/public/wiki/MDKE15/index.php?title=Main_Page},
urldate={2016-3-11},
year={2016}
}