@misc{Icra,
    title = {{IEEE International Conference on Robotics and Automation}},
	url={http://www.icra2016.org/},
	urldate={2016-3-30},
	journal={ICRA 2016 in Stockholm},
	year={2016}
},

@misc{Iros2016,
    title = {{International Conference on Intelligent Robots and Systems}},
	url={http://www.iros2016.org/},
	urldate={2016-3-30},
	journal={Iros2016.org},
	year={2016}
},
	
@misc{VLHCC,
    title = {{IEEE Symposium on Visual Languages and Human-Centric Computing}},
	url={https://sites.google.com/site/vlhcc2016/},
	urldate={2016-3-30},
	journal={VL/HCC 2016},
	year={2016}
}

@misc{trik,
    title = {{All about TRIK: TRIK Studio}},
	url={http://blog.trikset.com/p/trik-studio.html},
	urldate={2016-3-30},
	journal={Blog.trikset.com},
	year={2016}
}		


@misc{nxtg,
    title = {{NXT-G quick programming guide}},
	url={http://www.legoengineering.com/nxt-g-quick-guide/},
	urldate={2016-3-30},
	journal={LEGO Engineering},
	year={2013}
}

@misc{robolab,
    title = {{ROBOLAB quick guide}},
	url={http://www.legoengineering.com/robolab-quick-guide/},
	urldate={2016-3-30},
	journal={LEGO Engineering},
	year={2013}
}			

@misc{labview,
    title = {{LabVIEW System Design Software - National Instruments}},
	url={http://www.ni.com/labview/},
	urldate={2016-3-30},
	year={2016}
}			
	
@misc{ScratchDuino,
    title = {{ScratchDuino | Magnetic Robot Construction Kit}},
	url={http://www.scratchduino.com/},
	urldate={2016-3-30},
	year={2016}
}	

	

@misc{simulink,
    title = {{Simulink - Simulation and Model-Based Design}},
	url={http://www.mathworks.com/products/simulink/},
	urldate={2016-3-30},
	year={2016}
}			
	

@misc{legokit,
    title = {{MINDSTORMS EV3 - Products}},
	url={http://www.lego.com/en-us/mindstorms/products/},
	urldate={2016-3-30},
	year={2016}
}	

@misc{lua,
    title = {{The Programming Language Lua}},
	url={https://www.lua.org/},
	urldate={2016-3-30},
	year={2016}
}				

@inproceedings{simpson2008visual,
  title={Visual Process-Oriented Programming for Robotics.},
  author={Simpson, Jonathan and Jacobsen, Christian L},
  booktitle={CPA},
  pages={365--380},
  year={2008}
}

@inproceedings{posso2011process,
  title={Process-Oriented Subsumption Architectures in Swarm Robotic Systems.},
  author={Posso, Jeremy C and Sampson, Adam T and Simpson, Jonathan and Timmis, Jon},
  booktitle={CPA},
  pages={303--316},
  year={2011}
}


@inproceedings{diprose2011ruru,
  title={Ruru: A spatial and interactive visual programming language for novice robot programming},
  author={Diprose, James P and MacDonald, Bruce A and Hosking, John G},
  booktitle={Visual Languages and Human-Centric Computing (VL/HCC), 2011 IEEE Symposium on},
  pages={25--32},
  year={2011},
  organization={IEEE}
}
 
 
@article{simpson2006mobile,
  title={Mobile robot control},
  author={Simpson, Jonathan and Jacobsen, Christian L and Jadud, Matthew C},
  journal={Communicating Process Architectures},
  pages={225},
  year={2006}
}
  
@article{johnston2004advances,
  title={Advances in dataflow programming languages},
  author={Johnston, Wesley M and Hanna, JR and Millar, Richard J},
  journal={ACM Computing Surveys (CSUR)},
  volume={36},
  number={1},
  pages={1--34},
  year={2004},
  publisher={ACM}
}

@article{1_gomez-de-gabriel_mandow_fernandez-lozano_garcia-cerezo_2011,
author={Gomez-de-Gabriel, Jesús M. and Mandow, Anthony and Fernandez-Lozano, Jesús and Garcia-Cerezo, Alfonso J.},
title={Using LEGO NXT Mobile Robots With LabVIEW for Undergraduate Courses on Mechatronics},
volume={54},
DOI={10.1109/te.2010.2043359},
number={1},
journal={IEEE Trans. Educ.},
year={2011},
pages={41-47}
}

@article{jackson2007microsoft,
  title={Microsoft robotics studio: A technical introduction},
  author={Jackson, Jared},
  journal={Robotics \& Automation Magazine, IEEE},
  volume={14},
  number={4},
  pages={82--87},
  year={2007},
  publisher={IEEE}
}
 
@inproceedings{kim2007programming,
  title={Programming LEGO Mindstorms NXT with visual programming},
  author={Kim, Seung Han and Jeon, Jae Wook},
  booktitle={Control, Automation and Systems, 2007. ICCAS'07. International Conference on},
  pages={2468--2472},
  year={2007},
  organization={IEEE}
}

@mastersthesis{banyasad2000visual,
  author       = {Omid Banyasad}, 
  title        = {A Visual Programming Environment for Autonomous Robots},
  school       = {DalTech, Dalhousie University},
  year         = 2000,
  address      = {Halifax, Nova Scotia}
}

@inproceedings{simpson2009toward,
  title={Toward Process Architectures for Behavioural Robotics.},
  author={Simpson, Jonathan and Ritson, Carl G},
  booktitle={CPA},
  pages={375--386},
  year={2009}
}
  
@incollection{proetzsch2007behaviour,
  title={The behaviour-based control architecture iB2C for complex robotic systems},
  author={Proetzsch, Martin and Luksch, Tobias and Berns, Karsten},
  booktitle={KI 2007: Advances in Artificial Intelligence},
  pages={494--497},
  year={2007},
  publisher={Springer}
}

@inproceedings{rohmer2013v,
  title={V-REP: A versatile and scalable robot simulation framework},
  author={Rohmer, Eric and Singh, Surya PN and Freese, Marc},
  booktitle={Intelligent Robots and Systems (IROS), 2013 IEEE/RSJ International Conference on},
  pages={1321--1326},
  year={2013},
  organization={IEEE}
}

@inproceedings{quigley2009ros,
  title={ROS: an open-source Robot Operating System},
  author={Quigley, Morgan and Conley, Ken and Gerkey, Brian and Faust, Josh and Foote, Tully and Leibs, Jeremy and Wheeler, Rob and Ng, Andrew Y},
  booktitle={ICRA workshop on open source software},
  volume={3},
  number={3.2},
  pages={5},
  year={2009}
}

@inproceedings{gerkey2003player,
  title={The player/stage project: Tools for multi-robot and distributed sensor systems},
  author={Gerkey, Brian and Vaughan, Richard T and Howard, Andrew},
  booktitle={Proceedings of the 11th international conference on advanced robotics},
  volume={1},
  pages={317--323},
  year={2003}
}

@inproceedings{kirsanov2014robotics,
  title={Robotics reactive programming with F\#/Mono},
  author={Kirsanov, Alexander and Kirilenko, Iakov and Melentyev, Kirill},
  booktitle={Proceedings of the 10th Central and Eastern European Software Engineering Conference in Russia},
  pages={16},
  year={2014},
  organization={ACM}
}

@article{brooks1986robust,
  title={A robust layered control system for a mobile robot},
  author={Brooks, Rodney A},
  journal={Robotics and Automation, IEEE Journal of},
  volume={2},
  number={1},
  pages={14--23},
  year={1986},
  publisher={IEEE}
}


@article{qrealMeta,
  title={Sredstva bustroi razrabotki predmetno-orientirovannych resheniy v metaCASE-sredstve QReal},
  author={Kuzenkova, AS and Deripaska, AO and Taran, KS and Podkopaev, AV and Litvinov, YV and Bryksin, TA},
  journal={St. Petersburg State Polytechnical University Journal},
  pages={142},
  year={2011}
}

@inproceedings{kuzenkova2013qreal,
  title={QReal DSM platform-An Environment for Creation of Specific Visual IDEs},
  author={Kuzenkova, Anastasiia and Deripaska, Anna and Bryksin, Timofey and Litvinov, Yurii and Polyakov, Vladimir},
  booktitle={ENASE 2013 --- Proceedings of the 8th International Conference on Evaluation of Novel Approaches to Software Engineering},
  pages={205--211},
  year={2013},
  publisher={SciTePress},
  address={Setubal, Portugal}
}

@article{erwin2000lego,
  title={Lego engineer and robolab: Teaching engineering with labview from kindergarten to graduate school},
  author={Erwin, Ben and Cyr, Martha and Rogers, Chris},
  journal={International Journal of Engineering Education},
  volume={16},
  number={3},
  pages={181--192},
  year={2000},
  publisher={TEMPUS PUBLICATIONS IJEE, ROSSMORE,, DURRUS, BANTRY, COUNTY CORK 00000, IRELAND}
}

@techreport{connell1989colony,
  title={A colony architecture for an artificial creature},
  author={Connell, Jonathan H},
  year={1989},
  institution={DTIC Document}
}

@inproceedings{arkin1987motor,
  title={Motor schema based navigation for a mobile robot: An approach to programming by behavior},
  author={Arkin, Ronald C},
  booktitle={Robotics and Automation. Proceedings. 1987 IEEE International Conference on},
  volume={4},
  pages={264--271},
  year={1987},
  organization={IEEE}
}

@article{rosenblatt1997damn,
  title={DAMN: A distributed architecture for mobile navigation},
  author={Rosenblatt, Julio K},
  journal={Journal of Experimental \& Theoretical Artificial Intelligence},
  volume={9},
  number={2-3},
  pages={339--360},
  year={1997},
  publisher={Taylor \& Francis}
}
